@online{castro,
author = {José Luis Alba Castro},
title = {Máquinas de Vectores Soporte (SVM)},
howpublished={\url{http://www.gts.tsc.uvigo.es/~jalba/doctorado/SVM.pdf}}
}

@online{vapnik,
author = {Vladimir N. Vapnik},
title = {SVM (Support Vector Machines)},
howpublished={\url{http://openmodeller.sourceforge.net/algorithms/svm.html}}
}

@online{moro,
author = {Dr. Quiliano Isaac Moro, Dra. Aránzazu Simón Hurtado},
title = {Introducción al Diseño de Experimentos para el Reconocimiento de Patrones},
howpublished={\url{http://www.infor.uva.es/~isaac/doctorado/Cap07_SVM.pdf}},
date = {Enero 2006}
}

@online{chung,
author = {Chih-Wei Hsu \and Chih-Chung Chang \and Chih-Jen Lin},
title = {A Practical Guide to Support Vector Classification},
howpublished={\url{http://www.csie.ntu.edu.tw/~cjlin/papers/guide/guide.pdf}},
OPTlocation = {National Taiwan University},
date = {15 Abril 2010}
}

@online{libsvm,
author = {Chih-Chung Chang \and Chih-Jen Lin},
title = {LIBSVM, A Library for Support Vector Machines},
howpublished={\url{http://www.csie.ntu.edu.tw/~cjlin/libsvm/}}
}

@online{7,
author = {GUSTAVO A. BETANCOURT},
title = {LAS MÁQUINAS DE SOPORTE VECTORIAL (SVMs)},
howpublished={\url{http://revistas.utp.edu.co/index.php/revistaciencia/article/download/6895/4139}}
}



@book{alpaydin,
author = {Alpaydin, E.},
title = {Introduction to Machine Learning, Capítulo 13},
date = {2010}
}

@online{imagen1,
title = {Support Vector Machine:SVM},
howpublished={\url{http://arx.ee.utsunomiya-u.ac.jp/research/svm/}}
}

@online{imagen2,
title = {What is the relation between the number of Support Vectors and training data and classifiers performance?},
howpublished={\url{http://stackoverflow.com/questions/9480605/what-is-the-relation-between-the-number-of-support-vectors-and-training-data-and}}
}

@online{imagen3,
author = {ISIS},
title = {Support Vector Machines},
howpublished={\url{http://www.isis.ecs.soton.ac.uk/resources/svminfo/}}
}

@online{imagen4,
author = {scikit-learn},
title = {Plot different SVM classifiers in the iris dataset},
howpublished={\url{http://scikit-learn.org/stable/auto_examples/svm/plot_iris.html}}
}
