@online{clase,
	author = {Alicia Pérez},
	title = {Minería de Datos, Tema 9: Clasificación no-supervisada (Clustering)}
}
